@manual{aceman,
author = "George Havas and Colin Ramsay",
title = "{\tt ACE} for {Amateurs}",
organization = "Centre for Discrete Mathematics and Computing, The University
of Queensland",
year  = 1999,
note  = "Draft"}
